<record><leader>00000cas a2200000 a 4500</leader><controlfield tag="001">31806691</controlfield><controlfield tag="007">hd bfu---baat</controlfield><controlfield tag="007">hd afu---bact</controlfield><controlfield tag="008">950112d19071972couwr nea     0    0eng d</controlfield><datafield ind1=" " ind2=" " tag="010"><subfield code="a">sn 95069011 </subfield></datafield><datafield ind1=" " ind2=" " tag="040"><subfield code="a">NVG</subfield><subfield code="b">eng</subfield><subfield code="c">NVG</subfield><subfield code="d">OCL</subfield><subfield code="d">OCLCQ</subfield></datafield><datafield ind1=" " ind2=" " tag="042"><subfield code="a">msc</subfield></datafield><datafield ind1="0" ind2="0" tag="245"><subfield code="a">Julesburg grit-advocate.</subfield></datafield><datafield ind1="1" ind2="3" tag="246"><subfield code="a">Enterprise</subfield></datafield><datafield ind1="1" ind2="3" tag="246"><subfield code="a">Julesburg grit advocate and Big Springs enterprise</subfield></datafield><datafield ind1=" " ind2=" " tag="260"><subfield code="a">Julesburg, Colo. :</subfield><subfield code="b">Walter R. McKinstry, Jr.,</subfield><subfield code="c">-1972.</subfield></datafield><datafield ind1=" " ind2=" " tag="300"><subfield code="a">volumes</subfield></datafield><datafield ind1=" " ind2=" " tag="310"><subfield code="a">Weekly</subfield></datafield><datafield ind1=" " ind2=" " tag="336"><subfield code="a">text</subfield><subfield code="b">txt</subfield><subfield code="2">rdacontent</subfield></datafield><datafield ind1=" " ind2=" " tag="337"><subfield code="a">microform</subfield><subfield code="b">h</subfield><subfield code="2">rdamedia</subfield></datafield><datafield ind1=" " ind2=" " tag="338"><subfield code="a">microfilm reel</subfield><subfield code="b">hd</subfield><subfield code="2">rdacarrier</subfield></datafield><datafield ind1="1" ind2=" " tag="362"><subfield code="a">Began in 1907.</subfield></datafield><datafield ind1="0" ind2=" " tag="362"><subfield code="a">-v. 14, no. 8 (Feb. 23, 1972).</subfield></datafield><datafield ind1=" " ind2=" " tag="588"><subfield code="a">Description based on: Vol. 5, no. 25 (June 19, 1963).</subfield></datafield><datafield ind1=" " ind2=" " tag="533"><subfield code="a">Microfilm.</subfield><subfield code="m">June 19,1963-Feb. 23,1972.</subfield><subfield code="b">Lincoln, Neb. :</subfield><subfield code="c">Nebraska State Historical Society,</subfield><subfield code="d">1975.</subfield><subfield code="e">6 microfilm reels ; 35 mm.</subfield></datafield><datafield ind1=" " ind2=" " tag="752"><subfield code="a">United States</subfield><subfield code="b">Colorado</subfield><subfield code="c">Sedgwick</subfield><subfield code="d">Julesburg.</subfield></datafield><datafield ind1="1" ind2=" " tag="776"><subfield code="c">Original</subfield><subfield code="w">(DLC)sn 89052197</subfield></datafield><datafield ind1="0" ind2="0" tag="780"><subfield code="t">Grit-advocate</subfield></datafield><datafield ind1="0" ind2="5" tag="780"><subfield code="t">Big Springs enterprise (Big Springs, Neb. : 1963)</subfield><subfield code="w">(DLC)sn 95069010</subfield></datafield><datafield ind1="0" ind2="0" tag="785"><subfield code="t">Julesburg advocate</subfield><subfield code="w">(DLC)sn 95069012</subfield></datafield><datafield ind1="1" ind2=" " tag="029"><subfield code="a">AU@</subfield><subfield code="b">000011505574</subfield></datafield></record>